<?xml version="1.0" encoding="UTF-8"?><record xmlns="http://www.loc.gov/MARC21/slim" xmlns:cinclude="http://apache.org/cocoon/include/1.0" xmlns:zs="http://www.loc.gov/zing/srw/">
  <leader>00538nz  a2200145n  4500</leader>
  <controlfield tag="001">nr 96028127 </controlfield>
  <controlfield tag="003">DLC</controlfield>
  <controlfield tag="005">19960820051349.9</controlfield>
  <controlfield tag="008">960801n| acannaab|          |a ana     c</controlfield>
  <datafield tag="010" ind1=" " ind2=" ">
    <subfield code="a">nr 96028127 </subfield>
  </datafield>
  <datafield tag="040" ind1=" " ind2=" ">
    <subfield code="a">CtY-BR</subfield>
    <subfield code="c">CtY-BR</subfield>
  </datafield>
  <datafield tag="110" ind1="2" ind2="0">
    <subfield code="a">Union Pacific, Lincoln, and Colorado Railway Company</subfield>
  </datafield>
  <datafield tag="410" ind1="2" ind2="0">
    <subfield code="a">Union Pacific, Lincoln &amp; Colorado Railway Company</subfield>
  </datafield>
  <datafield tag="670" ind1=" " ind2=" ">
    <subfield code="a">First mortgage, Union Pacific, Lincoln and Colorado Railway Company ... 1888?</subfield>
  </datafield>
  <datafield tag="670" ind1=" " ind2=" ">
    <subfield code="a">Bondholders' agreement, Union Pacific, Lincoln &amp; Colorado Railway Company ... 1897?</subfield>
  </datafield>
</record>